<record><leader>00000cas a2200000 a 4500</leader><controlfield tag="001">21465499</controlfield><controlfield tag="008">900501d18521854iludn nea     0   a0eng c</controlfield><datafield ind1=" " ind2=" " tag="010"><subfield code="a">sn 90054090 </subfield></datafield><datafield ind1=" " ind2=" " tag="040"><subfield code="a">NVF</subfield><subfield code="b">eng</subfield><subfield code="c">NVF</subfield><subfield code="d">HUL</subfield><subfield code="d">NVF</subfield><subfield code="d">CVF</subfield><subfield code="d">OCL</subfield><subfield code="d">NVF</subfield><subfield code="d">DLC</subfield><subfield code="d">OCLCQ</subfield><subfield code="d">OCLCF</subfield><subfield code="d">NVF</subfield><subfield code="d">OCLCO</subfield></datafield><datafield ind1=" " ind2=" " tag="019"><subfield code="a">213892567</subfield></datafield><datafield ind1="1" ind2=" " tag="029"><subfield code="a">AU@</subfield><subfield code="b">000007453068</subfield></datafield><datafield ind1=" " ind2=" " tag="042"><subfield code="a">pcc</subfield></datafield><datafield ind1=" " ind2=" " tag="043"><subfield code="a">n-us-il</subfield></datafield><datafield ind1="0" ind2="0" tag="050"><subfield code="a">Newspaper</subfield></datafield><datafield ind1="0" ind2=" " tag="130"><subfield code="a">Illinois State register (Springfield, Ill. : 1852)</subfield></datafield><datafield ind1="1" ind2="0" tag="245"><subfield code="a">Illinois State register.</subfield></datafield><datafield ind1="1" ind2="3" tag="246"><subfield code="a">Daily Illinois State register</subfield></datafield><datafield ind1="1" ind2="3" tag="246"><subfield code="a">Daily register</subfield></datafield><datafield ind1=" " ind2=" " tag="260"><subfield code="a">Springfield, Ill. :</subfield><subfield code="b">Lanphier &amp; Walker,</subfield><subfield code="c">1852-1854.</subfield></datafield><datafield ind1=" " ind2=" " tag="300"><subfield code="a">v.</subfield></datafield><datafield ind1=" " ind2=" " tag="310"><subfield code="a">Daily (except Sunday)</subfield></datafield><datafield ind1="0" ind2=" " tag="362"><subfield code="a">Vol. 4, no. 105 (May 3, 1852)-v. 6, no. 281 (Dec. 28, 1854).</subfield></datafield><datafield ind1=" " ind2=" " tag="580"><subfield code="a">Weekly ed.: Illinois State register (Springfield, Ill. : 1839), 1852-1854.</subfield></datafield><datafield ind1=" " ind2=" " tag="530"><subfield code="a">Available on microfilm;</subfield><subfield code="b">University of Chicago Library, Dept. of Photographic Reproduction.</subfield></datafield><datafield ind1=" " ind2=" " tag="530"><subfield code="a">Available on 6 reels of microfilm;</subfield><subfield code="b">Micro Photo Division, Bell &amp; Howell.</subfield></datafield><datafield ind1="1" ind2="0" tag="610"><subfield code="a">Illinois.</subfield><subfield code="b">General Assembly</subfield><subfield code="v">Newspapers.</subfield></datafield><datafield ind1=" " ind2="0" tag="650"><subfield code="a">Legislative journals</subfield><subfield code="z">Illinois.</subfield></datafield><datafield ind1=" " ind2="0" tag="651"><subfield code="a">Illinois</subfield><subfield code="x">Politics and government</subfield><subfield code="v">Newspapers.</subfield></datafield><datafield ind1=" " ind2="7" tag="655"><subfield code="a">Newspapers.</subfield><subfield code="2">fast</subfield><subfield code="0">(OCoLC)fst01423814</subfield></datafield><datafield ind1=" " ind2=" " tag="752"><subfield code="a">United States</subfield><subfield code="b">Illinois</subfield><subfield code="c">Sangamon</subfield><subfield code="d">Springfield.</subfield></datafield><datafield ind1="1" ind2=" " tag="775"><subfield code="t">Illinois State register (Springfield, Ill. : 1839)</subfield><subfield code="w">(DLC)sn 82015552</subfield><subfield code="w">(OCoLC)8821120</subfield></datafield><datafield ind1="0" ind2="8" tag="776"><subfield code="i">Microfilm.</subfield><subfield code="s">Illinois State register (Springfield, Ill. : 1852).</subfield><subfield code="t">Illinois State register.</subfield><subfield code="w">(OCoLC)213892567</subfield></datafield><datafield ind1="0" ind2="0" tag="780"><subfield code="t">Daily register (Springfield, Ill.)</subfield><subfield code="w">(DLC)sn 84038645</subfield><subfield code="w">(OCoLC)11411772</subfield></datafield><datafield ind1="0" ind2="0" tag="785"><subfield code="t">Daily Illinois State register</subfield><subfield code="w">(DLC)sn 82015906</subfield><subfield code="w">(OCoLC)8820064</subfield></datafield><datafield ind1=" " ind2=" " tag="850"><subfield code="a">MH</subfield></datafield></record>